<record><leader>00000cas a22000007a 4500</leader><controlfield tag="001">10694380</controlfield><controlfield tag="008">840505c18669999wvuwr ne      0   a0eng d</controlfield><datafield ind1=" " ind2=" " tag="010"><subfield code="a">sn 84026842 </subfield></datafield><datafield ind1=" " ind2=" " tag="040"><subfield code="a">NPU</subfield><subfield code="b">eng</subfield><subfield code="c">NPU</subfield><subfield code="d">NPX</subfield><subfield code="d">NPY</subfield><subfield code="d">WVC</subfield><subfield code="d">DLC</subfield><subfield code="d">MFN</subfield><subfield code="d">NSD</subfield><subfield code="d">NVK</subfield><subfield code="d">OCL</subfield><subfield code="d">NVK</subfield><subfield code="d">OCLCQ</subfield><subfield code="d">OCLCF</subfield><subfield code="d">OCLCO</subfield></datafield><datafield ind1=" " ind2=" " tag="012"><subfield code="m">1</subfield></datafield><datafield ind1="1" ind2=" " tag="022"><subfield code="a">1072-0057</subfield><subfield code="l">1072-0057</subfield><subfield code="2">1</subfield></datafield><datafield ind1="1" ind2=" " tag="029"><subfield code="a">AU@</subfield><subfield code="b">000020340118</subfield></datafield><datafield ind1=" " ind2=" " tag="032"><subfield code="a">443400</subfield><subfield code="b">USPS</subfield></datafield><datafield ind1=" " ind2=" " tag="037"><subfield code="b">Preston County Journal, 110 W. Main St., Kingwood, WV 26537</subfield></datafield><datafield ind1=" " ind2=" " tag="042"><subfield code="a">msc</subfield><subfield code="a">nsdp</subfield></datafield><datafield ind1=" " ind2=" " tag="043"><subfield code="a">n-us-wv</subfield></datafield><datafield ind1="0" ind2="0" tag="050"><subfield code="a">Newspaper 10185-X</subfield></datafield><datafield ind1=" " ind2="0" tag="222"><subfield code="a">Preston County journal</subfield></datafield><datafield ind1="0" ind2="0" tag="245"><subfield code="a">Preston County journal.</subfield></datafield><datafield ind1="1" ind2="3" tag="246"><subfield code="a">Journal</subfield></datafield><datafield ind1="3" ind2="0" tag="246"><subfield code="a">Kingwood journal</subfield></datafield><datafield ind1=" " ind2=" " tag="260"><subfield code="a">Kingwood, W. Va. :</subfield><subfield code="b">Levi Klauser</subfield></datafield><datafield ind1=" " ind2=" " tag="300"><subfield code="a">v.</subfield></datafield><datafield ind1=" " ind2=" " tag="310"><subfield code="a">Weekly,</subfield><subfield code="b">&lt;Aug. 18, 1993-&gt;</subfield></datafield><datafield ind1=" " ind2=" " tag="321"><subfield code="a">Weekly,</subfield><subfield code="b">1866-1975</subfield></datafield><datafield ind1=" " ind2=" " tag="321"><subfield code="a">Semiweekly,</subfield><subfield code="b">July 3, 1975-&lt;Aug., 1993&gt;</subfield></datafield><datafield ind1="1" ind2=" " tag="362"><subfield code="a">Began with May 19, 1866 issue.</subfield></datafield><datafield ind1=" " ind2=" " tag="500"><subfield code="a">Publisher varies: John McWilliams, Nov., 1871-Dec., 1872; J.B. Chaffin, Jan.-Feb., 1873; Chaffin &amp; H. Clay Hyde, Feb.-Sept., 1873; W.M.O. Dawson &amp; Chaffin, Oct., 1873-1875; Dawson, 1875-1891; Edward M. Heermans &amp; James W. White, July, 1891-Jan., 1892; D.M. Wotring &amp; J.W. White, 1892-1899; Horatio S. Whetsell, 1899-1941; Richard Whetsell, Apr., 1941-1967; Delbert &amp; Linda Benson, 1967-</subfield></datafield><datafield ind1=" " ind2=" " tag="515"><subfield code="a">Publication suspended due to fire from Mar. 7 to Apr. 17, 1869. Published irregularly from Nov., 1871-Oct. 1873 after the death of Klauser.</subfield></datafield><datafield ind1=" " ind2=" " tag="588"><subfield code="a">Description based on: Vol. 1, no. 2 (May 26, 1866).</subfield></datafield><datafield ind1=" " ind2=" " tag="588"><subfield code="a">Latest issue consulted: Vol. 127, no. 14 (Aug. 18, 1993).</subfield></datafield><datafield ind1=" " ind2="0" tag="651"><subfield code="a">Kingwood (W. Va.)</subfield><subfield code="v">Newspapers.</subfield></datafield><datafield ind1=" " ind2="0" tag="651"><subfield code="a">Preston County (W. Va.)</subfield><subfield code="v">Newspapers.</subfield></datafield><datafield ind1=" " ind2="7" tag="655"><subfield code="a">Newspapers.</subfield><subfield code="2">fast</subfield><subfield code="0">(OCoLC)fst01423814</subfield></datafield><datafield ind1=" " ind2="7" tag="651"><subfield code="a">West Virginia</subfield><subfield code="z">Kingwood.</subfield><subfield code="2">fast</subfield><subfield code="0">(OCoLC)fst01226783</subfield></datafield><datafield ind1=" " ind2="7" tag="651"><subfield code="a">West Virginia</subfield><subfield code="z">Preston County.</subfield><subfield code="2">fast</subfield><subfield code="0">(OCoLC)fst01208073</subfield></datafield><datafield ind1=" " ind2=" " tag="752"><subfield code="a">United States</subfield><subfield code="b">West Virginia</subfield><subfield code="c">Preston</subfield><subfield code="d">Kingwood.</subfield></datafield><datafield ind1="0" ind2="5" tag="780"><subfield code="t">Preston republican (Terra Alta, W. Va.)</subfield><subfield code="g">1948</subfield><subfield code="w">(DLC)sn 86092250</subfield></datafield></record>